<record xmlns="http://www.loc.gov/MARC21/slim" xmlns:xsi="http://www.w3.org/2001/XMLSchema-instance" xsi:schemaLocation="http://www.loc.gov/MARC21/slim http://www.loc.gov/standards/marcxml/schema/MARC21slim.xsd"><leader>00037nz   2200037n  4500</leader><controlfield tag="001">DNB|100201601</controlfield><controlfield tag="003">DNB</controlfield><controlfield tag="005">19960808090808.0</controlfield><controlfield tag="008">900615|||az|nnaa|||||||||||| a|aaa|||| d</controlfield><datafield ind1="7" ind2=" " tag="016"><subfield code="a">100201601</subfield><subfield code="2">GyFmDB</subfield></datafield><datafield ind1=" " ind2=" " tag="040"><subfield code="a">0000</subfield><subfield code="b">ger</subfield><subfield code="d">9999</subfield><subfield code="f">RAK-PND</subfield></datafield><datafield ind1="1" ind2=" " tag="045"><subfield code="b">d4. Jh. n. Chr.</subfield></datafield><datafield ind1="0" ind2=" " tag="100"><subfield code="a">Manetho,</subfield><subfield code="c">Astrologus</subfield><subfield code="d">4. Jh. n. Chr.</subfield></datafield><datafield ind1="0" ind2=" " tag="400"><subfield code="a">Manethon</subfield><subfield code="d">4. Jh. n. Chr.</subfield></datafield><datafield ind1="0" ind2=" " tag="400"><subfield code="a">Manethos</subfield><subfield code="d">4. Jh. n. Chr.</subfield></datafield><datafield ind1="0" ind2=" " tag="400"><subfield code="a">Manetho</subfield><subfield code="d">4. Jh. n. Chr.</subfield></datafield><datafield ind1="0" ind2=" " tag="400"><subfield code="a">Manetho,</subfield><subfield code="c">Aegyptius</subfield><subfield code="d">4. Jh. n. Chr.</subfield></datafield><datafield ind1="0" ind2=" " tag="400"><subfield code="a">Manetho,</subfield><subfield code="c">Astrologe</subfield><subfield code="d">4. Jh. n. Chr.</subfield></datafield><datafield ind1=" " ind2=" " tag="500"><subfield code="t">Manetho: Apotelesmaticorum libri VI .... - 1698</subfield></datafield><datafield ind1=" " ind2=" " tag="500"><subfield code="t">Manetho &lt;Aegyptius&gt;: Apotelesmaticorum libri VI .... - 1698</subfield></datafield><datafield ind1=" " ind2=" " tag="678"><subfield code="a">Apotelesmatika</subfield></datafield><datafield ind1=" " ind2=" " tag="910"><subfield code="a">APOTELESMATICORUM LIBRI VI</subfield><subfield code="9">1</subfield></datafield><datafield ind1=" " ind2=" " tag="930"><subfield code="a">MANETHO AEGYPTIUS</subfield><subfield code="9">1</subfield></datafield><datafield ind1=" " ind2=" " tag="943"><subfield code="a">169x</subfield><subfield code="9">1</subfield></datafield></record>